<collection xmlns="http://www.loc.gov/MARC21/slim">
<record>
  <leader>01637nam0a22003011i 450 </leader>
  <controlfield tag="001">IT\ICCU\CNCE\064530</controlfield>
  <controlfield tag="005">20080919000000.0</controlfield>
  <datafield tag="012" ind1=" " ind2=" ">
    <subfield code="a">ema- s.s. ijur liar (3) 1521 (R)</subfield>
    <subfield code="2">fei</subfield>
  </datafield>
  <datafield tag="100" ind1=" " ind2=" ">
    <subfield code="a">20060504d1521        0itac0103    ba</subfield>
  </datafield>
  <datafield tag="101" ind1=" " ind2=" ">
    <subfield code="a">LAT</subfield>
  </datafield>
  <datafield tag="102" ind1=" " ind2=" ">
    <subfield code="a">IT</subfield>
  </datafield>
  <datafield tag="140" ind1=" " ind2=" ">
    <subfield code="a">         DA                 </subfield>
  </datafield>
  <datafield tag="200" ind1="1" ind2=" ">
    <subfield code="a">℗Excellentissimi ... Ioannis de Platea ℗Commentaria in quattuor libros Institutionum, que olim imperfecta et in emendatissima prodierunt, nunc vero integra, ac diligenter castigata cum additionibus adiunctis per egregium virum dominum Ioannem de Gradibus</subfield>
  </datafield>
  <datafield tag="210" ind1=" " ind2=" ">
    <subfield code="e">Impressum in oppido Tridini Bonifacij marchionis Montisferrati</subfield>
    <subfield code="g">impensis Ioannis de Ferrarijs alias de Iolitis ac Girardi de Zeijs predicti loci</subfield>
    <subfield code="h">1521</subfield>
  </datafield>
  <datafield tag="215" ind1=" " ind2=" ">
    <subfield code="a">CXXXIX, \1! c.</subfield>
    <subfield code="d">fol</subfield>
  </datafield>
  <datafield tag="620" ind1=" " ind2=" ">
    <subfield code="a">IT</subfield>
    <subfield code="d">Trino</subfield>
  </datafield>
  <datafield tag="700" ind1=" " ind2="1">
    <subfield code="a">Piazza,</subfield>
    <subfield code="b">Giovanni</subfield>
    <subfield code="3">IT\ICCU\CNCA\009905</subfield>
  </datafield>
  <datafield tag="702" ind1=" " ind2="1">
    <subfield code="a">Gradi,</subfield>
    <subfield code="b">Jean</subfield>
    <subfield code="3">IT\ICCU\CNCA\001007</subfield>
  </datafield>
  <datafield tag="712" ind1="0" ind2="0">
    <subfield code="a">Giolito De Ferrari, Giovanni &lt;1.&gt; &amp; Zeglio, Gerardo</subfield>
    <subfield code="3">IT\ICCU\CNCT\000085</subfield>
    <subfield code="4">650</subfield>
  </datafield>
  <datafield tag="790" ind1=" " ind2="1">
    <subfield code="a">Platea,</subfield>
    <subfield code="b">Iohannes : de</subfield>
    <subfield code="3">IT\ICCU\CNCA\012663</subfield>
    <subfield code="z">Piazza, Giovanni</subfield>
  </datafield>
  <datafield tag="790" ind1=" " ind2="1">
    <subfield code="a">Platea,</subfield>
    <subfield code="b">Joannes : de</subfield>
    <subfield code="3">IT\ICCU\CNCA\021912</subfield>
    <subfield code="z">Piazza, Giovanni</subfield>
  </datafield>
  <datafield tag="790" ind1=" " ind2="1">
    <subfield code="a">Della_Piazza,</subfield>
    <subfield code="b">Giovanni</subfield>
    <subfield code="3">IT\ICCU\CNCA\022835</subfield>
    <subfield code="z">Piazza, Giovanni</subfield>
  </datafield>
  <datafield tag="790" ind1=" " ind2="1">
    <subfield code="a">Gradibus,</subfield>
    <subfield code="b">Ioannes de</subfield>
    <subfield code="3">IT\ICCU\CNCA\014248</subfield>
    <subfield code="z">Gradi, Jean</subfield>
  </datafield>
  <datafield tag="790" ind1=" " ind2="1">
    <subfield code="a">Gradi,</subfield>
    <subfield code="b">Giovanni</subfield>
    <subfield code="3">IT\ICCU\CNCA\014250</subfield>
    <subfield code="z">Gradi, Jean</subfield>
  </datafield>
  <datafield tag="790" ind1=" " ind2="1">
    <subfield code="a">De_Gradibus,</subfield>
    <subfield code="b">Ioannes</subfield>
    <subfield code="3">IT\ICCU\CNCA\019177</subfield>
    <subfield code="z">Gradi, Jean</subfield>
  </datafield>
  <datafield tag="791" ind1="0" ind2="0">
    <subfield code="a">Zeglio, Gerardo</subfield>
    <subfield code="3">IT\ICCU\CNCT\000086</subfield>
    <subfield code="z">Giolito De Ferrari, Giovanni &lt;1.&gt; &amp; Zeglio, Gerardo</subfield>
  </datafield>
  <datafield tag="801" ind1=" " ind2="3">
    <subfield code="a">IT</subfield>
    <subfield code="b">ICCU</subfield>
    <subfield code="c">20201115</subfield>
  </datafield>
  <datafield tag="899" ind1=" " ind2=" ">
    <subfield code="a">Biblioteca comunale Manfrediana. Faenza</subfield>
    <subfield code="1">RA0016</subfield>
    <subfield code="2">RAV FA</subfield>
  </datafield>
</record>
</collection>
